
@incollection{salomon_image_2010,
	address = {London},
	title = {Image {Compression}},
	isbn = {978-1-84882-903-9},
	url = {https://doi.org/10.1007/978-1-84882-903-9_7},
	abstract = {The first part of this chapter discusses the basic features and types of digital images and the main approaches to image compression. This is followed by a description of about 30 different compression methods.},
	language = {en},
	urldate = {2023-11-01},
	booktitle = {Handbook of {Data} {Compression}},
	publisher = {Springer},
	author = {Salomon, David and Motta, Giovanni},
	editor = {Salomon, David and Motta, Giovanni},
	year = {2010},
	doi = {10.1007/978-1-84882-903-9_7},
	keywords = {Compression Method, Discrete Cosine Transform, Image Block, Image Compression, Iterate Function System},
	pages = {443--730},
	file = {Full Text PDF:C\:\\Users\\sienp\\Zotero\\storage\\SE3NGMAK\\Salomon and Motta - 2010 - Image Compression.pdf:application/pdf},
}
